02RETORNO01COBRANCA       00000000000001111111T3E TECNOLOGIA E SERVICOS LTDA237BRADESCO       0310140160000000219                                                                                                                                                                                                                                                                          061014         000001
102106875660001970000006010100002020P                         000000000000000000290000000000000000000000000606031014          00000000000000000029000000000000000100023700265  000000000000000000000000000000000000000000000000000000000000000000000000000000000000000100000000000000000000000000000   061014             00000000000000                                                                  000002
9201237          000000010000000000100000000219          00000000000000000000000001000000010000000010000000000000000000000000000000000000000000000000000000000000000000000000000000000000000                                                                                                                                                                              00000000000000000000000         000003
